@online{atmega328p_datasheet,
  title   = {ATmega328P Datasheet},
  author  = {{Microchip Technology Inc.}},
  url     = {https://ww1.microchip.com/downloads/en/DeviceDoc/Atmel-7810-Automotive-Microcontrollers-ATmega328P_Datasheet.pdf},
  urldate = {2025-09-21},
  note    = {Documento técnico del microcontrolador utilizado en todos los ejercicios del laboratorio}
}

@online{arduino_uno_pinout,
  title   = {Arduino Uno Pinout Diagram},
  author  = {{circuito.io}},
  year    = {2018},
  url     = {https://www.circuito.io/blog/arduino-uno-pinout/},
  urldate = {2025-09-21},
  note    = {Referencia de pines y funciones del microcontrolador ATmega328P en la placa Arduino Uno}
}

@online{avrfreaks_comunidad,
  title   = {AVR Freaks — Comunidad de desarrolladores AVR},
  author  = {{Microchip Community (AVR Freaks)}},
  url     = {https://www.avrfreaks.net/},
  urldate = {2025-09-26},
  note    = {Foros técnicos y soluciones prácticas sobre AVR}
}

@online{LabDrive,
  title   = {Carpeta del laboratorio (Google Drive)},
  url     = {https://drive.google.com/drive/u/0/folders/1fP0aILozXeapRgDPDNWT1TRhAYr1PPPT},
  urldate = {2025-09-26},
  note    = {Carpeta compartida del laboratorio con evidencias y videos de funcionamiento}
}

@misc{utec_tecmicro,
  author       = {{Laboratorio de Microcontroladores, UTEC}},
  title        = {Repositorio de Laboratorio de Microcontroladores (Tec.Micro)},
  year         = {2025},
  howpublished = {\url{https://github.com/MateoLecuna/Tec.Micro}},
  note         = {Repositorio de código y versiones de los ejercicios del laboratorio}
}

@online{youtube_asesina,
  author  = {{CASTIGADOSUY}},
  title   = {Canción Asesina [Video]},
  year    = {2023},
  url     = {https://www.youtube.com/watch?v=ZSH1W_cJ31Q},
  note    = {Accedido el 18 de octubre de 2025. Fuente utilizada para la transcripción de la primera melodía.}
}

@online{musescore_mario,
  author  = {{WildMojarras}},
  title   = {Super Mario Bros Theme [Score]},
  year    = {2020},
  url     = {https://musescore.com/user/27687306/scores/4913846},
  note    = {Accedido el 18 de octubre de 2025. Fuente utilizada para la transcripción de la segunda melodía.}
}

@online{github_evidencias_lab2,
  author  = {{Mateo Lecuna - Mateo Sanchez}},
  title   = {Evidencias del Laboratorio 2 — Repositorio Tec.Micro},
  year    = {2025},
  url     = {https://github.com/MateoLecuna/Tec.Micro/tree/main/lab2/Evidencias},
  note    = {Carpeta con videos, imágenes y registros del funcionamiento de los sistemas desarrollados en el Laboratorio 2. Accedido el 18 de octubre de 2025}
}

@online{lcd_16x2_i2c_datasheet,
  author  = {{Handson Technology}},
  title   = {I2C 1602 LCD Module — Technical Data},
  year    = {2024},
  url     = {https://www.handsontec.com/dataspecs/module/I2C_1602_LCD.pdf},
  note    = {Pantalla LCD 16×2 con interfaz I²C utilizada para visualización de datos en el laboratorio.}
}

@online{keypad_4x4_okystar,
  author  = {{OKYSTAR}},
  title   = {OKY0272 — 4x4 Matrix Keypad Module Datasheet},
  year    = {2023},
  url     = {https://agelectronica.lat/pdfs/textos/O/OKY0272.PDF},
  note    = {Teclado matricial 4×4 utilizado para ingreso de contraseñas en la cerradura electrónica.}
}

@online{servo_sg90_datasheet,
  author  = {{Tower Pro}},
  title   = {SG90 Micro Servo — Technical Specifications},
  year    = {2022},
  url     = {http://www.ee.ic.ac.uk/pcheung/teaching/DE1_EE/stores/sg90_datasheet.pdf},
  note    = {Servo SG90 empleado para el control de movimiento en el módulo del laboratorio.}
}

@online{ldr_datasheet,
  author  = {{Generic / Advanced Photonix}},
  title   = {Light Dependent Resistor (LDR) — General Specifications},
  year    = {2023},
  url     = {https://components101.com/sites/default/files/component_datasheet/LDR%20Datasheet.pdf},
  note    = {Sensor de luminosidad utilizado en el selector de color para detección de intensidad de luz.}
}

@online{led_white_datasheet,
  author  = {{Electro Dh}},
  title   = {5 mm White LED — Datasheet},
  year    = {2024},
  url     = {https://static.electrodh.com/datasheets/12/12.675_5_B_C_20K-Datasheet.pdf},
  note    = {LED blanco de 5 mm utilizado como elemento indicador en los módulos experimentales del laboratorio.}
}

@online{buzzer_emx7t05sp_datasheet,
  author  = {{ETC / Manorshi Electronics}},
  title   = {EMX-7T05SP Passive Piezoelectric Buzzer — Datasheet},
  year    = {2024},
  url     = {https://www.alldatasheet.es/html-pdf/229750/ETC2/EMX-7T05SP/99/1/EMX-7T05SP.html},
  note    = {Buzzer piezoeléctrico pasivo utilizado para la generación de notas musicales mediante señal PWM en el candado electrónico.}
}
