@online{atmega328p_datasheet,
  title   = {ATmega328P Datasheet},
  author  = {{Microchip Technology Inc.}},
  url     = {https://ww1.microchip.com/downloads/en/DeviceDoc/Atmel-7810-Automotive-Microcontrollers-ATmega328P_Datasheet.pdf},
  urldate = {2025-09-21},
  note    = {Documento técnico del microcontrolador utilizado en todos los ejercicios del laboratorio}
}

@online{arduino_uno_pinout,
  title   = {Arduino Uno Pinout Diagram},
  author  = {{circuito.io}},
  year    = {2018},
  url     = {https://www.circuito.io/blog/arduino-uno-pinout/},
  urldate = {2025-09-21},
  note    = {Referencia de pines y funciones del microcontrolador ATmega328P en la placa Arduino Uno}
}

@online{avrfreaks_comunidad,
  title   = {AVR Freaks — Comunidad de desarrolladores AVR},
  author  = {{Microchip Community (AVR Freaks)}},
  url     = {https://www.avrfreaks.net/},
  urldate = {2025-09-26},
  note    = {Foros técnicos y soluciones prácticas sobre AVR}
}
