@online{atmega328p_datasheet,
  title   = {ATmega328P Datasheet},
  author  = {{Microchip Technology Inc.}},
  url     = {https://ww1.microchip.com/downloads/en/DeviceDoc/Atmel-7810-Automotive-Microcontrollers-ATmega328P_Datasheet.pdf},
  urldate = {2025-09-21}
}

@online{arduino_uno_pinout,
  title   = {Arduino Uno Pinout Diagram},
  author  = {{circuito.io}},
  year    = {2018},
  url     = {https://www.circuito.io/blog/arduino-uno-pinout/},
  urldate = {2025-09-21}
}